%YAML 1.1
%TAG !u! tag:unity3d.com,2011:
--- !u!1 &1497505429258893310
GameObject:
  m_ObjectHideFlags: 0
  m_CorrespondingSourceObject: {fileID: 0}
  m_PrefabInstance: {fileID: 0}
  m_PrefabAsset: {fileID: 0}
  serializedVersion: 6
  m_Component:
  - component: {fileID: 1497505429258893305}
  m_Layer: 0
  m_Name: coin_group
  m_TagString: Untagged
  m_Icon: {fileID: 0}
  m_NavMeshLayer: 0
  m_StaticEditorFlags: 0
  m_IsActive: 1
--- !u!4 &1497505429258893305
Transform:
  m_ObjectHideFlags: 0
  m_CorrespondingSourceObject: {fileID: 0}
  m_PrefabInstance: {fileID: 0}
  m_PrefabAsset: {fileID: 0}
  m_GameObject: {fileID: 1497505429258893310}
  m_LocalRotation: {x: 0, y: 0, z: 0, w: 1}
  m_LocalPosition: {x: 0.88765377, y: 2.9258883, z: 0}
  m_LocalScale: {x: 1, y: 1, z: 1}
  m_Children:
  - {fileID: 1497505428772693637}
  - {fileID: 7862659762484188700}
  - {fileID: 7862659762920053782}
  - {fileID: 7862659761529446479}
  m_Father: {fileID: 0}
  m_RootOrder: 0
  m_LocalEulerAnglesHint: {x: 0, y: 0, z: 0}
--- !u!1001 &1497505428046366452
PrefabInstance:
  m_ObjectHideFlags: 0
  serializedVersion: 2
  m_Modification:
    m_TransformParent: {fileID: 1497505429258893305}
    m_Modifications:
    - target: {fileID: 8779189292381775526, guid: 3cd8f513893471e4dabc377eba4ea3d2,
        type: 3}
      propertyPath: m_Name
      value: coin (3)
      objectReference: {fileID: 0}
    - target: {fileID: 8779189292381775547, guid: 3cd8f513893471e4dabc377eba4ea3d2,
        type: 3}
      propertyPath: m_LocalPosition.x
      value: 0.37
      objectReference: {fileID: 0}
    - target: {fileID: 8779189292381775547, guid: 3cd8f513893471e4dabc377eba4ea3d2,
        type: 3}
      propertyPath: m_LocalPosition.y
      value: 5.72
      objectReference: {fileID: 0}
    - target: {fileID: 8779189292381775547, guid: 3cd8f513893471e4dabc377eba4ea3d2,
        type: 3}
      propertyPath: m_LocalPosition.z
      value: 0
      objectReference: {fileID: 0}
    - target: {fileID: 8779189292381775547, guid: 3cd8f513893471e4dabc377eba4ea3d2,
        type: 3}
      propertyPath: m_LocalRotation.x
      value: -0
      objectReference: {fileID: 0}
    - target: {fileID: 8779189292381775547, guid: 3cd8f513893471e4dabc377eba4ea3d2,
        type: 3}
      propertyPath: m_LocalRotation.y
      value: -0
      objectReference: {fileID: 0}
    - target: {fileID: 8779189292381775547, guid: 3cd8f513893471e4dabc377eba4ea3d2,
        type: 3}
      propertyPath: m_LocalRotation.z
      value: -0
      objectReference: {fileID: 0}
    - target: {fileID: 8779189292381775547, guid: 3cd8f513893471e4dabc377eba4ea3d2,
        type: 3}
      propertyPath: m_LocalRotation.w
      value: 1
      objectReference: {fileID: 0}
    - target: {fileID: 8779189292381775547, guid: 3cd8f513893471e4dabc377eba4ea3d2,
        type: 3}
      propertyPath: m_RootOrder
      value: 3
      objectReference: {fileID: 0}
    - target: {fileID: 8779189292381775547, guid: 3cd8f513893471e4dabc377eba4ea3d2,
        type: 3}
      propertyPath: m_LocalEulerAnglesHint.x
      value: 0
      objectReference: {fileID: 0}
    - target: {fileID: 8779189292381775547, guid: 3cd8f513893471e4dabc377eba4ea3d2,
        type: 3}
      propertyPath: m_LocalEulerAnglesHint.y
      value: 0
      objectReference: {fileID: 0}
    - target: {fileID: 8779189292381775547, guid: 3cd8f513893471e4dabc377eba4ea3d2,
        type: 3}
      propertyPath: m_LocalEulerAnglesHint.z
      value: 0
      objectReference: {fileID: 0}
    m_RemovedComponents: []
  m_SourcePrefab: {fileID: 100100000, guid: 3cd8f513893471e4dabc377eba4ea3d2, type: 3}
--- !u!4 &7862659761529446479 stripped
Transform:
  m_CorrespondingSourceObject: {fileID: 8779189292381775547, guid: 3cd8f513893471e4dabc377eba4ea3d2,
    type: 3}
  m_PrefabInstance: {fileID: 1497505428046366452}
  m_PrefabAsset: {fileID: 0}
--- !u!1001 &1497505428765899437
PrefabInstance:
  m_ObjectHideFlags: 0
  serializedVersion: 2
  m_Modification:
    m_TransformParent: {fileID: 1497505429258893305}
    m_Modifications:
    - target: {fileID: 8779189292381775526, guid: 3cd8f513893471e4dabc377eba4ea3d2,
        type: 3}
      propertyPath: m_Name
      value: coin (2)
      objectReference: {fileID: 0}
    - target: {fileID: 8779189292381775547, guid: 3cd8f513893471e4dabc377eba4ea3d2,
        type: 3}
      propertyPath: m_LocalPosition.x
      value: 0.4
      objectReference: {fileID: 0}
    - target: {fileID: 8779189292381775547, guid: 3cd8f513893471e4dabc377eba4ea3d2,
        type: 3}
      propertyPath: m_LocalPosition.y
      value: 3.72
      objectReference: {fileID: 0}
    - target: {fileID: 8779189292381775547, guid: 3cd8f513893471e4dabc377eba4ea3d2,
        type: 3}
      propertyPath: m_LocalPosition.z
      value: 0
      objectReference: {fileID: 0}
    - target: {fileID: 8779189292381775547, guid: 3cd8f513893471e4dabc377eba4ea3d2,
        type: 3}
      propertyPath: m_LocalRotation.x
      value: -0
      objectReference: {fileID: 0}
    - target: {fileID: 8779189292381775547, guid: 3cd8f513893471e4dabc377eba4ea3d2,
        type: 3}
      propertyPath: m_LocalRotation.y
      value: -0
      objectReference: {fileID: 0}
    - target: {fileID: 8779189292381775547, guid: 3cd8f513893471e4dabc377eba4ea3d2,
        type: 3}
      propertyPath: m_LocalRotation.z
      value: -0
      objectReference: {fileID: 0}
    - target: {fileID: 8779189292381775547, guid: 3cd8f513893471e4dabc377eba4ea3d2,
        type: 3}
      propertyPath: m_LocalRotation.w
      value: 1
      objectReference: {fileID: 0}
    - target: {fileID: 8779189292381775547, guid: 3cd8f513893471e4dabc377eba4ea3d2,
        type: 3}
      propertyPath: m_RootOrder
      value: 2
      objectReference: {fileID: 0}
    - target: {fileID: 8779189292381775547, guid: 3cd8f513893471e4dabc377eba4ea3d2,
        type: 3}
      propertyPath: m_LocalEulerAnglesHint.x
      value: 0
      objectReference: {fileID: 0}
    - target: {fileID: 8779189292381775547, guid: 3cd8f513893471e4dabc377eba4ea3d2,
        type: 3}
      propertyPath: m_LocalEulerAnglesHint.y
      value: 0
      objectReference: {fileID: 0}
    - target: {fileID: 8779189292381775547, guid: 3cd8f513893471e4dabc377eba4ea3d2,
        type: 3}
      propertyPath: m_LocalEulerAnglesHint.z
      value: 0
      objectReference: {fileID: 0}
    m_RemovedComponents: []
  m_SourcePrefab: {fileID: 100100000, guid: 3cd8f513893471e4dabc377eba4ea3d2, type: 3}
--- !u!4 &7862659762920053782 stripped
Transform:
  m_CorrespondingSourceObject: {fileID: 8779189292381775547, guid: 3cd8f513893471e4dabc377eba4ea3d2,
    type: 3}
  m_PrefabInstance: {fileID: 1497505428765899437}
  m_PrefabAsset: {fileID: 0}
--- !u!1001 &1497505428869001383
PrefabInstance:
  m_ObjectHideFlags: 0
  serializedVersion: 2
  m_Modification:
    m_TransformParent: {fileID: 1497505429258893305}
    m_Modifications:
    - target: {fileID: 8779189292381775526, guid: 3cd8f513893471e4dabc377eba4ea3d2,
        type: 3}
      propertyPath: m_Name
      value: coin (1)
      objectReference: {fileID: 0}
    - target: {fileID: 8779189292381775547, guid: 3cd8f513893471e4dabc377eba4ea3d2,
        type: 3}
      propertyPath: m_LocalPosition.x
      value: 0.37
      objectReference: {fileID: 0}
    - target: {fileID: 8779189292381775547, guid: 3cd8f513893471e4dabc377eba4ea3d2,
        type: 3}
      propertyPath: m_LocalPosition.y
      value: 1.65
      objectReference: {fileID: 0}
    - target: {fileID: 8779189292381775547, guid: 3cd8f513893471e4dabc377eba4ea3d2,
        type: 3}
      propertyPath: m_LocalPosition.z
      value: 0
      objectReference: {fileID: 0}
    - target: {fileID: 8779189292381775547, guid: 3cd8f513893471e4dabc377eba4ea3d2,
        type: 3}
      propertyPath: m_LocalRotation.x
      value: -0
      objectReference: {fileID: 0}
    - target: {fileID: 8779189292381775547, guid: 3cd8f513893471e4dabc377eba4ea3d2,
        type: 3}
      propertyPath: m_LocalRotation.y
      value: -0
      objectReference: {fileID: 0}
    - target: {fileID: 8779189292381775547, guid: 3cd8f513893471e4dabc377eba4ea3d2,
        type: 3}
      propertyPath: m_LocalRotation.z
      value: -0
      objectReference: {fileID: 0}
    - target: {fileID: 8779189292381775547, guid: 3cd8f513893471e4dabc377eba4ea3d2,
        type: 3}
      propertyPath: m_LocalRotation.w
      value: 1
      objectReference: {fileID: 0}
    - target: {fileID: 8779189292381775547, guid: 3cd8f513893471e4dabc377eba4ea3d2,
        type: 3}
      propertyPath: m_RootOrder
      value: 1
      objectReference: {fileID: 0}
    - target: {fileID: 8779189292381775547, guid: 3cd8f513893471e4dabc377eba4ea3d2,
        type: 3}
      propertyPath: m_LocalEulerAnglesHint.x
      value: 0
      objectReference: {fileID: 0}
    - target: {fileID: 8779189292381775547, guid: 3cd8f513893471e4dabc377eba4ea3d2,
        type: 3}
      propertyPath: m_LocalEulerAnglesHint.y
      value: 0
      objectReference: {fileID: 0}
    - target: {fileID: 8779189292381775547, guid: 3cd8f513893471e4dabc377eba4ea3d2,
        type: 3}
      propertyPath: m_LocalEulerAnglesHint.z
      value: 0
      objectReference: {fileID: 0}
    m_RemovedComponents: []
  m_SourcePrefab: {fileID: 100100000, guid: 3cd8f513893471e4dabc377eba4ea3d2, type: 3}
--- !u!4 &7862659762484188700 stripped
Transform:
  m_CorrespondingSourceObject: {fileID: 8779189292381775547, guid: 3cd8f513893471e4dabc377eba4ea3d2,
    type: 3}
  m_PrefabInstance: {fileID: 1497505428869001383}
  m_PrefabAsset: {fileID: 0}
--- !u!1001 &7862659762933137470
PrefabInstance:
  m_ObjectHideFlags: 0
  serializedVersion: 2
  m_Modification:
    m_TransformParent: {fileID: 1497505429258893305}
    m_Modifications:
    - target: {fileID: 8779189292381775526, guid: 3cd8f513893471e4dabc377eba4ea3d2,
        type: 3}
      propertyPath: m_Name
      value: coin
      objectReference: {fileID: 0}
    - target: {fileID: 8779189292381775547, guid: 3cd8f513893471e4dabc377eba4ea3d2,
        type: 3}
      propertyPath: m_LocalPosition.x
      value: 0.3333462
      objectReference: {fileID: 0}
    - target: {fileID: 8779189292381775547, guid: 3cd8f513893471e4dabc377eba4ea3d2,
        type: 3}
      propertyPath: m_LocalPosition.y
      value: -0.39188838
      objectReference: {fileID: 0}
    - target: {fileID: 8779189292381775547, guid: 3cd8f513893471e4dabc377eba4ea3d2,
        type: 3}
      propertyPath: m_LocalPosition.z
      value: 0
      objectReference: {fileID: 0}
    - target: {fileID: 8779189292381775547, guid: 3cd8f513893471e4dabc377eba4ea3d2,
        type: 3}
      propertyPath: m_LocalRotation.x
      value: -0
      objectReference: {fileID: 0}
    - target: {fileID: 8779189292381775547, guid: 3cd8f513893471e4dabc377eba4ea3d2,
        type: 3}
      propertyPath: m_LocalRotation.y
      value: -0
      objectReference: {fileID: 0}
    - target: {fileID: 8779189292381775547, guid: 3cd8f513893471e4dabc377eba4ea3d2,
        type: 3}
      propertyPath: m_LocalRotation.z
      value: -0
      objectReference: {fileID: 0}
    - target: {fileID: 8779189292381775547, guid: 3cd8f513893471e4dabc377eba4ea3d2,
        type: 3}
      propertyPath: m_LocalRotation.w
      value: 1
      objectReference: {fileID: 0}
    - target: {fileID: 8779189292381775547, guid: 3cd8f513893471e4dabc377eba4ea3d2,
        type: 3}
      propertyPath: m_RootOrder
      value: 0
      objectReference: {fileID: 0}
    - target: {fileID: 8779189292381775547, guid: 3cd8f513893471e4dabc377eba4ea3d2,
        type: 3}
      propertyPath: m_LocalEulerAnglesHint.x
      value: 0
      objectReference: {fileID: 0}
    - target: {fileID: 8779189292381775547, guid: 3cd8f513893471e4dabc377eba4ea3d2,
        type: 3}
      propertyPath: m_LocalEulerAnglesHint.y
      value: 0
      objectReference: {fileID: 0}
    - target: {fileID: 8779189292381775547, guid: 3cd8f513893471e4dabc377eba4ea3d2,
        type: 3}
      propertyPath: m_LocalEulerAnglesHint.z
      value: 0
      objectReference: {fileID: 0}
    m_RemovedComponents: []
  m_SourcePrefab: {fileID: 100100000, guid: 3cd8f513893471e4dabc377eba4ea3d2, type: 3}
--- !u!4 &1497505428772693637 stripped
Transform:
  m_CorrespondingSourceObject: {fileID: 8779189292381775547, guid: 3cd8f513893471e4dabc377eba4ea3d2,
    type: 3}
  m_PrefabInstance: {fileID: 7862659762933137470}
  m_PrefabAsset: {fileID: 0}
